@article{wanger2009,
  author    = {王二 and 张三 and 李四},
  key       = {wang2 er4 and zhang1 san1 & li3 si4},
  title     = {单引用测试，标题1},
  journal   = {journal},
  year      = {2010}
  
}

@article{zhangsan2010,
  author    = {张三 and 李四},
  key       = {zhang1 san1 & li3 si4},
  title     = {多引用测试，标题1},
  journal   = {journal},
  year      = {2010}
  
}

@article{lisi2011,
  author    = {李四 and 张三},
  key       = {li3 si4 & zhang1 san1},
  title     = {多引用测试，标题2},
  journal   = {journal},
  year      = {2011}
  
}

@article{LiK2019,
  title = {Orthogonal Deep Autoencoders for Unsupervised Seismic Facies Analysis},
  booktitle = {{{SEG International Exposition}} and {{Annual Meeting}}},
  author = {Li, Kunhong and Liu, Zhining and She, Bin and Hu, Guangmin and Song, Chenyun},
  year = {2019},
  pages = {D043S115R001},
  publisher = {SEG},
  doi = {10.1190/segam2019-3213841.1},
  urldate = {2024-06-12},
  key       = {li1 k1 & liu2 z1 & she1 b1}
}